@Article{Bell:64,
  author    = "J. S. Bell",
  title     = "On the {E}instein-{P}odolsky-{R}osen paradox",
  journal   = "Physics",
  volume    = 1,
  year      = 1964,
  pages     = "195-200"
}

@Article{Darwiche:97,
  author    = "Adnan Darwiche",
  title     = "A logical notion of conditional independence: properties and applications",
  journal   = "Artificial Intelligence",
  volume    = 97,
  pages     = "45--82",
  year      = 1997
}

@Article{Dawid:79,
  author    = "A.P. Dawid",
  title     = "Conditional Independence in Statistical Theory",
  journal   = "Journal of the Royal Statistical Society",
  series    = "Series B (Methodological)",
  volume    = 41,
  number    = 1,
  pages     = "1--31",
  year      = 1979
}

@Article{Einstein-Podolsky-Rosen:35,
  title    = "Can Quantum-Mechanical Description of Physical Reality Be Considered Complete?",
  author   = "A. Einstein and B. Podolsky and N. Rosen",
  journal  = "Physical Review",
  volume   = 47,
  issue    = 10,
  pages    = "777--780",
  year     = 1935,
  month    = "May"
}

@Book{Pearl:89,
  author    = "Judea Pearl",
  title     = "Probabilistic Reasoning in Intelligent Systems",
  publisher = "Morgan Kaufmann",
  year      = 1989
}

@Article{Polya:20,
  author    = "Georg P{\'o}lya",
  journal   = "Mathematische Zeitschrift",
  volume    = 8,
  issue     = "3--4",
  title     = "{\"U}ber den zentralen {G}renzwertsatz der {W}ahrscheinlichkeitsrechnung und das {M}omentenproblem",
  pages     = "171--181",
  year      = 1920
}

@InProceedings{Reynolds:02,
  author    = "John C. Reynolds",
  title     = "Separation Logic: A Logic for Shared Mutable Data Structures",
  booktitle = "Proceedings of {LICS-17}",
  pages     = "55--74",
  publisher = "IEEE Computer Society",
  year      = 2002
}

@Article{Seneta:96,
  author    = "E. Seneta",
  title     = "Markov and the Birth of Chain Dependence Theory",
  journal   = "International Statistical Review",
  volume    = 64,
  number    = 3,
  year      = 1996,
  pages     = "255--263"
}

@InProceedings{Studeny:92,
  author    = "Milan Studen{\'y}",
  title     = "Conditional independence relations have no finite complete characterization",
  booktitle = "Information Theory, Statistical Decision Functions and Random Processes. Transactions of the 11th Prague Conference vol. B",
  publisher = "Kluwer",
  pages     = "pp. 377-396",
  year      = 1992
}
